<?xml version="1.0" encoding="UTF-8"?><collection xmlns="http://www.loc.gov/MARC21/slim"><record><leader>00393nam--2200133-i-4500</leader><controlfield tag="001">000029422</controlfield><controlfield tag="002">20161230</controlfield><controlfield tag="005">20161230201037</controlfield><controlfield tag="008">060222s1000------------r-----000-0-eng-d</controlfield><datafield ind1=" " ind2=" " tag="080"><subfield code="a">510.645:16(043)</subfield></datafield><datafield ind1=" " ind2=" " tag="100"><subfield code="a">Lecomte, Alain</subfield></datafield><datafield ind1=" " ind2=" " tag="245"><subfield code="a">Essai de formalisation des operations linguistiques de predication. these</subfield></datafield><datafield ind1=" " ind2=" " tag="260"><subfield code="a">Grenoble, Univ. Scientifique Et Medicale, 1974. 296p</subfield></datafield><datafield ind1=" " ind2=" " tag="852"><subfield code="a">71113</subfield></datafield></record></collection>